@inproceedings{Mog, 
author={Z. Zivkovic}, 
booktitle={Proceedings of the 17th International Conference on Pattern Recognition, 2004. ICPR 2004.}, 
title={Improved adaptive Gaussian mixture model for background subtraction}, 
year={2004}, 
volume={2}, 
number={}, 
pages={28-31 Vol.2}, 
keywords={Gaussian processes;computer vision;recursive functions;adaptive Gaussian mixture model;background subtraction;computer vision;pixel-level approach;probability density;recursive equations;Layout;Pixel;Object detection;Density functional theory;Intelligent systems;Computer vision;Adaptive algorithm;Equations;Cameras;Surveillance}, 
doi={10.1109/ICPR.2004.1333992}, 
ISSN={1051-4651}, 
month={Aug},}

@misc{backgroundsubtractormog,
  title = {BackgroundSubtractorMOG2 Class Definition},
  howpublished = {\url{https://docs.opencv.org/ref/2.4/d7/d7b/classcv_1_1BackgroundSubtractorMOG2.html}},
  note = {Accessed: 27-11-2018}
}

@misc{findcontours,
  title = {findContours Method Definition},
  howpublished = {\url{https://docs.opencv.org/2.4/modules/imgproc/doc/structural_analysis_and_shape_descriptors.html?highlight=findcontours\#findcontours}},
  note = {Accessed: 27-11-2018}
}